@book{Bishop,
      author        = "Bishop, Christopher M",
      title         = "{Pattern recognition and machine learning}",
      publisher     = "Springer",
      address       = "New York, NY",
      series        = "Information science and statistics",
      year          = "2006",
      url           = "https://cds.cern.ch/record/998831",
      note          = "Softcover published in 2016",
}

@misc{Petersen2008,   
      abstract = {Matrix identities, relations and approximations. A desktop reference for quick overview of mathematics of matrices.},
      added-at = {2011-01-17T12:52:58.000+0100},   
      author = {Petersen, K. B. and Pedersen, M. S.},   
      biburl = {https://www.bibsonomy.org/bibtex/263c840382cc4b1efb8cefe447465b7ac/hkayabilisim},   
      file = {:home/hkaya/Projeler/diagnus/Screener/doc/literature/Petersen2008.pdf:PDF},   
      interhash = {6368b9b490c0225e22334ea0a0841a33},   
      intrahash = {63c840382cc4b1efb8cefe447465b7ac},   
      keywords = {matrixderivative inverse Matrixidentity matrixrelations},   
      month = oct,   
      note = {Version 20081110},   
      publisher = {Technical University of Denmark},   
      review = {Matrix Cookbook},   
      timestamp = {2011-01-17T12:52:58.000+0100},   
      title = {The Matrix Cookbook},   
      url = {http://www2.imm.dtu.dk/pubdb/p.php?3274},   
      year = 2008 
}  

@book{RasmussenW06,
  added-at = {2020-07-17T00:00:00.000+0200},
  author = {Rasmussen, Carl Edward and Williams, Christopher K. I.},
  biburl = {https://www.bibsonomy.org/bibtex/2670a576a21065048f7ddede17e09b6b4/dblp},
  ee = {https://www.worldcat.org/oclc/61285753},
  interhash = {72c030472023000e0bdeeb06081c3764},
  intrahash = {670a576a21065048f7ddede17e09b6b4},
  isbn = {026218253X},
  keywords = {dblp},
  pages = {I-XVIII, 1-248},
  publisher = {MIT Press},
  series = {Adaptive computation and machine learning},
  timestamp = {2020-07-24T00:45:17.000+0200},
  title = {Gaussian processes for machine learning.},
  year = 2006
}

@misc{rubindelanchy2020manifold,
      title={Manifold structure in graph embeddings}, 
      author={Patrick Rubin-Delanchy},
      year={2020},
      eprint={2006.05168},
      archivePrefix={arXiv},
      primaryClass={stat.ML}
}

@misc{reeve2020optimistic,
      title={Optimistic bounds for multi-output prediction}, 
      author={Henry WJ Reeve and Ata Kaban},
      year={2020},
      eprint={2002.09769},
      archivePrefix={arXiv},
      primaryClass={stat.ML}
}